<?xml version="1.0" encoding="UTF-8"?><collection xmlns="http://www.loc.gov/MARC21/slim"><record><leader>00521nam--2200193-i-4500</leader><controlfield tag="001">000039679</controlfield><controlfield tag="002">20161230</controlfield><controlfield tag="005">20161230201042</controlfield><controlfield tag="008">060222s1000------------r-----000-0-ger-d</controlfield><datafield ind1=" " ind2=" " tag="040"><subfield code="a">IFIN-HH</subfield></datafield><datafield ind1=" " ind2=" " tag="041"><subfield code="a">ger</subfield></datafield><datafield ind1=" " ind2=" " tag="080"><subfield code="a">533.9</subfield></datafield><datafield ind1="1" ind2=" " tag="100"><subfield code="a">Rompe, Robert</subfield></datafield><datafield ind1=" " ind2=" " tag="245"><subfield code="a">Ergebnisse der plasmaphysik und der gaselektronik</subfield><subfield code="b">Band I</subfield><subfield code="c">Robert rompe, max steenbeck</subfield></datafield><datafield ind1=" " ind2=" " tag="260"><subfield code="a">Berlin,Akademie - Verlag, 1967</subfield></datafield><datafield ind1=" " ind2=" " tag="300"><subfield code="a">XVI + 482 P</subfield></datafield><datafield ind1="1" ind2=" " tag="700"><subfield code="a">Steenbeck, Max</subfield></datafield><datafield ind1=" " ind2=" " tag="852"><subfield code="a">25868</subfield><subfield code="c">533.9</subfield></datafield><datafield ind1=" " ind2=" " tag="CAT"><subfield code="a">Sys</subfield><subfield code="c">20100922</subfield><subfield code="h">145510</subfield></datafield></record></collection>